
@article{gomez2018markov,
	title={Markov chain Monte Carlo with the integrated nested Laplace approximation},
	author={G{\'o}mez-Rubio, Virgilio and Rue, H{\aa}vard},
	journal={Statistics and Computing},
	volume={28},
	pages={1033--1051},
	year={2018},
	publisher={Springer}
}


@article{berild2022importance,
	title={Importance sampling with the integrated nested Laplace approximation},
	author={Berild, Martin Outzen and Martino, Sara and G{\'o}mez-Rubio, Virgilio and Rue, H{\aa}vard},
	journal={Journal of Computational and Graphical Statistics},
	volume={31},
	number={4},
	pages={1225--1237},
	year={2022},
	publisher={Taylor \& Francis}
}

@article{rue2009approximate,
	title={Approximate Bayesian inference for latent Gaussian models by using integrated nested Laplace approximations},
	author={Rue, H{\aa}vard and Martino, Sara and Chopin, Nicolas},
	journal={Journal of the royal statistical society: Series b (statistical methodology)},
	volume={71},
	number={2},
	pages={319--392},
	year={2009},
	publisher={Wiley Online Library}
}


@book{blangiardo2015spatial,
	title={Spatial and spatio-temporal Bayesian models with R-INLA},
	author={Blangiardo, Marta and Cameletti, Michela},
	year={2015},
	publisher={John Wiley \& Sons}
}


@Manual{nimblemanual,
    title = {{NIMBLE} User Manual},
    author = {Perry {de Valpine} and Christopher Paciorek and Daniel Turek and Nick Michaud and Cliff Anderson-Bergman and Fritz Obermeyer and Claudia {Wehrhahn Cortes} and Abel Rodrìguez and Duncan {Temple Lang} and Sally Paganin},
    url = {https://r-nimble.org},
    year = {2023},
    version = {1.0.1},
    note = {{R} package manual version 1.0.1},
    doi = {10.5281/zenodo.1211190},
  }

@Manual{nimblePackage,
    title = {{NIMBLE}: {MCMC}, Particle Filtering, and Programmable Hierarchical Modeling},
    author = {Perry {de Valpine} and Christopher Paciorek and Daniel Turek and Nick Michaud and Cliff Anderson-Bergman and Fritz Obermeyer and Claudia {Wehrhahn Cortes} and Abel Rodrìguez and Duncan {Temple Lang} and Sally Paganin}
    url = {https://cran.r-project.org/package=nimble},
    year = {2023},
    version = {1.0.1},
    note = {{R} package version 1.0.1},
    doi = {10.5281/zenodo.1211190},
  }

@Article{nimblearticle,
    title = {Programming with models: writing statistical algorithms for general model structures with {NIMBLE}},
    journal = {Journal of Computational and Graphical Statistics},
    volume = {26},
    issue = {2},
    pages = {403-413},
    year = {2017},
    author = {Perry {de Valpine} and Daniel Turek and Christopher Paciorek and Cliff Anderson-Bergman and Duncan {Temple Lang} and Ras Bodik},
    doi = {10.1080/10618600.2016.1172487},
  }

@article{tibbits2014automated,
	title={Automated factor slice sampling},
	author={Tibbits, Matthew M and Groendyke, Chris and Haran, Murali and Liechty, John C},
	journal={Journal of Computational and Graphical Statistics},
	volume={23},
	number={2},
	pages={543--563},
	year={2014},
	publisher={Taylor \& Francis}
}

@article{neal2003slice,
	title={Slice sampling},
	author={Neal, Radford M},
	journal={The annals of statistics},
	volume={31},
	number={3},
	pages={705--767},
	year={2003},
	publisher={Institute of Mathematical Statistics}
}

@article{kery2015applied,
	title={Applied Hierarchical Modeling in Ecology: Analysis of Distribution, Abundance and Species Richness in R and BUGS},
	author={K{\'e}ry, Marc and Royle, J Andrew},
	year={2015},
	publisher={Elsevier}
}

  @Manual{mcmcse,
    title = {mcmcse: Monte Carlo Standard Errors for MCMC},
    author = {James M. Flegal and John Hughes and Dootika Vats and Ning Dai and Kushagra Gupta and Uttiya Maji},
    year = {2021},
    address = {Riverside, CA, and Kanpur, India},
    note = {R package version 1.5-0},
  }

@book{gareth2013introduction,
	title={An introduction to statistical learning: with applications in R},
	author={Gareth, James and Daniela, Witten and Trevor, Hastie and Robert, Tibshirani},
	year={2013},
	publisher={Spinger}
}

@article{van2011mice,
	title={mice: Multivariate imputation by chained equations in R},
	author={Van Buuren, Stef and Groothuis-Oudshoorn, Karin},
	journal={Journal of statistical software},
	volume={45},
	pages={1--67},
	year={2011}
}

@article{skarstein2023joint,
	title={A joint Bayesian framework for missing data and measurement error using integrated nested Laplace approximations},
	author={Skarstein, Emma Sofie and Martino, Sara and Muff, Stefanie},
	journal={arXiv preprint arXiv:2303.15240},
	year={2023}
}

  @Manual{ahmbook,
    title = {AHMbook: Functions and Data for the Book 'Applied Hierarchical Modeling
in Ecology' Vols 1 and 2},
    author = {Marc Kéry and Andy Royle and Mike Meredith},
    year = {2022},
    note = {R package version 0.2.6},
    url = {https://CRAN.R-project.org/package=AHMbook},
  }



@book{kery2020applied,
	title={Applied hierarchical modeling in ecology: Analysis of distribution, abundance and species richness in R and BUGS: Volume 2: Dynamic and advanced models},
	author={K{\'e}ry, Marc and Royle, J Andrew},
	year={2020},
	publisher={Academic Press}
}

@article{meehan2017estimating,
	title={Estimating animal abundance with N-mixture models using the R-INLA package for R},
	author={Meehan, Timothy D and Michel, Nicole L and Rue, H{\aa}vard},
	journal={arXiv preprint arXiv:1705.01581},
	year={2017}
}

@Article{unmarked,
    title = {{unmarked}: An {R} Package for Fitting Hierarchical Models of Wildlife Occurrence and Abundance},
    author = {Ian Fiske and Richard Chandler},
    journal = {Journal of Statistical Software},
    year = {2011},
    volume = {43},
    number = {10},
    pages = {1--23},
    url = {https://www.jstatsoft.org/v43/i10/},
  }


@inproceedings{hornik2003jags,
	title={JAGS: A program for analysis of Bayesian graphical models using Gibbs sampling},
	author={Hornik, Kurt and Leisch, Friedrich and Zeileis, Achim and Plummer, M},
	booktitle={Proceedings of DSC},
	volume={2},
	number={1},
	year={2003}
}


@misc{spiegelhalter2014winbugs,
	title={WinBUGS Version 1.4 user manual. MRC Biostatistics Unit, Cambridge, United Kingdom},
	author={Spiegelhalter, DJ and Thomas, A and Best, NG},
	year={2014}
}

@article{carpenter2017stan,
	title={Stan: A probabilistic programming language},
	author={Carpenter, Bob and Gelman, Andrew and Hoffman, Matthew D and Lee, Daniel and Goodrich, Ben and Betancourt, Michael and Brubaker, Marcus A and Guo, Jiqiang and Li, Peter and Riddell, Allen},
	journal={Journal of statistical software},
	volume={76},
	year={2017},
	publisher={NIH Public Access}
}

@book{gilks1995markov,
	title={Markov chain Monte Carlo in practice},
	author={Gilks, Walter R and Richardson, Sylvia and Spiegelhalter, David},
	year={1995},
	publisher={CRC press}
}

@book{brooks2011handbook,
	title={Handbook of markov chain monte carlo},
	author={Brooks, Steve and Gelman, Andrew and Jones, Galin and Meng, Xiao-Li},
	year={2011},
	publisher={CRC press}
}


@article{bachl2019inlabru,
	title={inlabru: an R package for Bayesian spatial modelling from ecological survey data},
	author={Bachl, Fabian E and Lindgren, Finn and Borchers, David L and Illian, Janine B},
	journal={Methods in Ecology and Evolution},
	volume={10},
	number={6},
	pages={760--766},
	year={2019},
	publisher={Wiley Online Library}
}


@article{li2012spatial,
	title={Spatial modelling of lupus incidence over 40 years with changes in census areas},
	author={Li, Ye and Brown, Patrick and Rue, H{\aa}vard and Al-Maini, Mustafa and Fortin, Paul},
	journal={Journal of the Royal Statistical Society Series C: Applied Statistics},
	volume={61},
	number={1},
	pages={99--115},
	year={2012},
	publisher={Oxford University Press}
}


@article{bivand2014approximate,
	title={Approximate Bayesian inference for spatial econometrics models},
	author={Bivand, Roger S and G{\'o}mez-Rubio, Virgilio and Rue, H{\aa}vard},
	journal={Spatial Statistics},
	volume={9},
	pages={146--165},
	year={2014},
	publisher={Elsevier}
}

@article{li2023latent,
	title={Latent uniform samplers on multivariate binary spaces},
	author={Li, Yanxin and Linero, Antonio and Walker, Stephen G},
	journal={Statistics and Computing},
	volume={33},
	number={5},
	pages={102},
	year={2023},
	publisher={Springer}
}

@article{spiegelhalter2002bayesian,
	title={Bayesian measures of model complexity and fit},
	author={Spiegelhalter, David J and Best, Nicola G and Carlin, Bradley P and Van Der Linde, Angelika},
	journal={Journal of the Royal Statistical Society Series B: Statistical Methodology},
	volume={64},
	number={4},
	pages={583--639},
	year={2002},
	publisher={Oxford University Press}
}

 @Article{glmnet,
    title = {Regularization Paths for Generalized Linear Models via Coordinate Descent},
    author = {Jerome Friedman and Robert Tibshirani and Trevor Hastie},
    journal = {Journal of Statistical Software},
    year = {2010},
    volume = {33},
    number = {1},
    pages = {1--22},
    doi = {10.18637/jss.v033.i01},
  }

@Article{spBayes,
    title = {{spBayes}: An {R} Package for Univariate and Multivariate Hierarchical Point-Referenced Spatial Models},
    author = {Andrew O. Finley and Sudipto Banerjee and Bradley P. Carlin},
    journal = {Journal of Statistical Software},
    year = {2007},
    volume = {19},
    number = {4},
    pages = {1--24},
    url = {https://www.jstatsoft.org/article/view/v019i04},
  }

 @Manual{pscl,
    title = {{pscl}: Classes and Methods for {R} Developed in the Political Science Computational Laboratory},
    author = {Simon Jackman},
    organization = {United States Studies Centre, University of Sydney},
    address = {Sydney, New South Wales, Australia},
    year = {2020},
    note = {R package version 1.5.5.1},
    url = {https://github.com/atahk/pscl/},
  }

@article{marin2005bayesian,
	title={Bayesian modelling and inference on mixtures of distributions},
	author={Marin, Jean-Michel and Mengersen, Kerrie and Robert, Christian P},
	journal={Handbook of statistics},
	volume={25},
	pages={459--507},
	year={2005},
	publisher={Elsevier}
}

  @Manual{Rsoftware,
    title = {R: A Language and Environment for Statistical Computing},
    author = {{R Core Team}},
    organization = {R Foundation for Statistical Computing},
    address = {Vienna, Austria},
    year = {2023},
    url = {https://www.R-project.org/},
  }

@article{hastie2009introduction,
	title={An introduction to statistical learning},
	author={Hastie, Trevor and Tibshirani, Robert and Friedman, Jerome},
	year={2009}
}

@article{kery2017applied,
	title={Applied hierarchical modeling in ecology: analysis of distribution, abundance and species richness in R and BUGS},
	author={K{\'e}ry, Marc and Royle, J Andrew},
	journal={(No Title)},
	year={2017},
	publisher={Elsevier}
}














